@misc{fypguide,
  title = {FYP LaTeX template for NUS CEG Students},
  author = {limyz},
  date = {2018-08},
  url = {https://github.com/limyz/FYP-LaTeX-Template},
}